@book{apolin2017:bigBang5RG,
%%     keywords =      "physics",
     author  =       "Martin Apolin",
     title   =       "Big Bang 5 RG",
     year    =       "2017", %%/date
%%     editor  =       "Frank Katzenmayer",
%% &&    editora =       "Imke Zander",
%% %%    editorb = "Wissenschaftlicher Ausschuss des Akademischen Vereins H{{\"u}}tte e.V., Berlin",
%% %%    editorc,
%% %%    translator,
%% %%    annotator,
%% %%    commentator,
%% %%    introduction,
%% %%    foreword,
%% %%    afterword,
%%     subtitle=       "Eigenschaften, Vorg{{\"a}}nge, Technologien",
%% %%    titleaddon,
%% %%    maintitle,
%% %%    mainsubtitle,
%% %%    maintitleaddon,
%% %%    language,
%% %%    origlanguage,
%% %%    volume,
%% %%    part    = "1",
%% %%    edition = "6",
%% %%    volumes,
%% %%    series,
%% %%    number,
%% %%    note,
     publisher=      "{{\"O}}sterreichischer Bundesverlag Schulbuch GmbH \& Co. KG",
     address =       "Wien",
%% %%    location,
     isbn    =       "978-3-209-09806-1",
%%     doi     =       "10.1007/978-3-642-53891-9",
%%     url     =       "https://doi.org/10.1007/10.1007/978-3-642-53891-9" , %%
%% %%    chapter,
%% %%    pages   = "XV",
%% %%    pagetotal = 164,
%% %%    addendum,
%% %%    pubstate,
%% %%    eprint,
%% %%    eprintclass,
%% %%    eprinttype,
%% %%    urldate
}

@misc{enwiki:main,
  author = "{Wikipedia contributors}",
  title = "{W}ikipedia{,} The Free Encyclopedia",
  year = "2025",
  url = "https://en.wikipedia.org/",
  howpublished = "\url{https://en.wikipedia.org/}",
  note = "[Online; accessed 7-September-2025]"
}

@book{Awiszus2020:Fertigungstechnik,
%%     keywords =      "mechanics, Fertigung, Maschinen, Werkzeuge, Verfahren, Fertigungstechnik",
     author  =       "Birgit Awiszus and  J{{\"u}}rgen Bast and Thomas H{{\"a}}nel and Mario Kusch",
     title   =       "Grundlagen der Â­Fertigungstechnik",
     year    =       "2020", %%/date
%%     editor  =       "Frank Katzenmayer",
%% &&    editora =       "Imke Zander",
%% %%    editorb = "Wissenschaftlicher Ausschuss des Akademischen Vereins H{{\"u}}tte e.V., Berlin",
%% %%    editorc,
%% %%    translator,
%% %%    annotator,
%% %%    commentator,
%% %%    introduction,
%% %%    foreword,
%% %%    afterword,
%%     subtitle=       "Eigenschaften, Vorg{{\"a}}nge, Technologien",
%% %%    titleaddon,
%% %%    maintitle,
%% %%    mainsubtitle,
%% %%    maintitleaddon,
%% %%    language,
%% %%    origlanguage,
%% %%    volume,
%% %%    part    = "1",
%% %%    edition = "6",
%% %%    volumes,
%% %%    series,
%% %%    number,
%% %%    note,
     publisher=      "Carl Hanser Verlag",
     address =       "M{{\"u}}nchen",
%% %%    location,
     isbn    =       "978-3-446-45033-2",
%%     doi     =       "10.1007/978-3-642-53891-9",
%%     url     =       "https://doi.org/10.1007/10.1007/978-3-642-53891-9" , %%
%% %%    chapter,
%% %%    pages   = "XV",
%% %%    pagetotal = 539,
%% %%    addendum,
%% %%    pubstate,
%% %%    eprint,
%% %%    eprintclass,
%% %%    eprinttype,
%% %%    urldate
}
